%
% Indic Language Computing
%
@article{bhattacharyya2019indic,
  title={Indic language computing},
  author={Bhattacharyya, Pushpak and Murthy, Hema and Ranathunga, Surangika and Munasinghe, Ranjiva},
  journal={Communications of the ACM},
  volume={62},
  number={11},
  pages={70--75},
  year={2019},
  publisher={ACM New York, NY, USA}
}

%
% Datasets
%
@article{ramesh2022samanantar,
  title={Samanantar: The largest publicly available parallel corpora collection for 11 indic languages},
  author={Ramesh, Gowtham and Doddapaneni, Sumanth and Bheemaraj, Aravinth and Jobanputra, Mayank and Ak, Raghavan and Sharma, Ajitesh and Sahoo, Sujit and Diddee, Harshita and Kakwani, Divyanshu and Kumar, Navneet and others},
  journal={Transactions of the Association for Computational Linguistics},
  volume={10},
  pages={145--162},
  year={2022},
  publisher={MIT Press One Rogers Street, Cambridge, MA 02142-1209, USA journals-info~â€¦}
}



%
% GPT + Indian Languages
%

@inproceedings{jordan2024need,
  title={Need a Programming Exercise Generated in Your Native Language? ChatGPT's Got Your Back: Automatic Generation of Non-English Programming Exercises Using OpenAI GPT-3.5},
  author={Jordan, Mollie and Ly, Kevin and Soosai Raj, Adalbert Gerald},
  booktitle={Proceedings of the 55th ACM Technical Symposium on Computer Science Education V. 1},
  pages={618--624},
  year={2024}
}

%
% Tamil info
%
